<record xmlns:xsi="http://www.w3.org/2001/XMLSchema-instance" xmlns="http://www.loc.gov/MARC21/slim" xsi:schemaLocation="http://www.loc.gov/MARC21/slim http://www.loc.gov/standards/marcxml/schema/MARC21slim.xsd">

  <leader>00508nam a2200157Ia 4500</leader>
  <datafield ind2=" " ind1=" " tag="999">
    <subfield code="c">513</subfield>
    <subfield code="d">513</subfield>
  </datafield>
  <controlfield tag="008">170110b2010    ag ||||| |||| 00| | spa d</controlfield>
  <datafield tag="020" ind1=" " ind2=" ">
    <subfield code="a">9789870416258</subfield>
  </datafield>
  <datafield tag="090" ind2=" " ind1=" ">
    <subfield code="a">19.02.02 </subfield>
    <subfield code="b">1973</subfield>
  </datafield>
  <datafield ind2=" " ind1="1" tag="100">
    <subfield code="a">Puiggrós, Adriana</subfield>
    <subfield code="9">2196</subfield>
  </datafield>
  <datafield ind2="0" ind1="1" tag="245">
    <subfield code="a">Rodolfo Puiggrós: retrato familiar de un intelectual militante / </subfield>
    <subfield code="c">Adriana Puiggrós</subfield>
  </datafield>
  <datafield ind2=" " ind1=" " tag="260">
    <subfield code="a">Buenos Aires : </subfield>
    <subfield code="b">Aguilar, Altea, Taurus, Alfaguara, </subfield>
    <subfield code="c">2010</subfield>
  </datafield>
  <datafield ind1=" " ind2=" " tag="300">
    <subfield code="a">254 páginas</subfield>
  </datafield>
  <datafield tag="600" ind1=" " ind2="0">
    <subfield code="9">2389</subfield>
    <subfield code="a">PUIGGROS, RODOLFO</subfield>
  </datafield>
  <datafield ind2="4" ind1="1" tag="650">
    <subfield code="a">BIOGRAFÍAS</subfield>
    <subfield code="9">968</subfield>
  </datafield>
  <datafield tag="942" ind1=" " ind2=" ">
    <subfield code="2">z</subfield>
    <subfield code="c">01</subfield>
  </datafield>
</record>